@misc{devmedia_algoritmos_ordenacao_java,
  author       = {DevMedia},
  title        = {Algoritmos de Ordena\c{c}\~ao em Java},
  howpublished = {\url{https://www.devmedia.com.br/algoritmos-de-ordenacao-em-java/32693}},
  note         = {Acessado em: 21 out. 2025},
  year         = {s.d.}
}

@misc{youtube_algoritmosordenacao,
  author       = {Canal YouTube (autor não identificado)},
  title        = {Análise de Algoritmos de Ordenação (vídeo)},
  howpublished = {\url{https://www.youtube.com/watch?v=dESIzDq4kIw}},
  note         = {Série de vídeos sobre algoritmos de ordenação – lista PLldrzuO43P\_zNudi9VTp3RDPDBRbaWW6b – Acessado em: 21 out. 2025},
  year         = {2025}
}

@misc{unipampa_algoritmos_classificacao_dados,
  author       = {Carlos Michel Betemps},
  title        = {“Algoritmos e Classificação de Dados” — curso online},
  howpublished = {\url{https://moodle.unipampa.edu.br/moodle/course/view.php?id=25710}},
  note         = {Moodle UniPampa — Acessado em: 21 out. 2025},
  year         = {2025}
}
